@INCOLLECTION{Duch2004,
   author = {W{\l}odzis{\l}aw Duch},
   title = {Filter Methods},
   booktitle = {Feature extraction, foundations and applications},
   publisher = {Physica Verlag, Springer},
   year = {2006},
   editor = {I. Guyon and S. Gunn and M. Nikravesh and L. Zadeh},
   pages = {89--118},
   address = {Berlin, Heidelberg, New York}
}

@book{Guyon2006,
   author="Guyon I. and Gunn, S. and  Nikravesh M. and  Zadeh L.", 
   title="Feature Extraction, Foundations and Applications, Studies in Fuzziness and Soft Computing Series", 
   publisher="Physica-Verlag Springer", 
   year="2006",
}

@article{DuchMa2009,
   author="W{\l}odzis{\l}aw Duch and Tomasz Maszczyk",
   title="Universal Learning Machines",
   journal="Lecture Notes in Computer Science", 
   pages="206-215",
   volume="5864",
   year="2009",
}					 

@book{DudaHart01,
   author="R.O. Duda and P.E. Hart and D. Stork",
   title="Pattern Classification",
   publisher="J. Wiley \& Sons, New York",
   year="2001",
}

@book{DudaHart1973,
   author="R.O. Duda and P.E. Hart",
   title="Pattern Classification and Scene Analysis",
   publisher="John Wiley \& Sons, New York", 
   year="1973",
}

@article{Saeys2007,
  title="A review of feature selection techniques in bioinformatics",
  author="Yvan Saeys and Iñaki Inza and Pedro Larrañaga",
  journal="Bioinformatics",
  year="2007",
  volume="23",
  number="19",
  pages="2507-2517",
}

@book{HuanLiubook2007,
  author="Liu H. and Motoda H. (Eds)", 
  title="Computational Methods of Feature Selection",
  publisher="Chapman and Hall/CRC Press", 
  year="2007",
}

@article{Sayes2008,
  title="New challenges for feature selection in data mining and knowledge discovery", 
  author="Saeys Y. and Liu H. and Inza I. and Wehenkel L. and Van de Peer Y.",
  journal="JMLR Workshop and Conf. Proc",
  year="2008",
}


@article{Kohavi1997,
 author="Kohavi R. and Sommerfield D. and Dougherty J.", 
 title="Data Mining using MLC++, a Machine Learning Library in C++.",
 journal="Int. J. of Artificial Intelligence Tools",
 volume="6",
 number="4",
 pages="537-566",
 year="1997",
}

@book{Witten2005,
 author="Witten I.H. and Frank E.", 
 title="Data Mining: Practical machine learning tools and techniques", 
 publisher="2nd Ed, Morgan Kaufmann, San Francisco",
 year="2005",
}

@INPROCEEDINGS{Mierswa2006,
 author="Mierswa I. and Wurst M. and Klinkenberg R. and Scholz M. and Euler T",
 title="YALE: Rapid Prototyping for Complex Data Mining Tasks",
 booktitle="Proc. of the 12th ACM SIGKDD Int. Conf. on Knowledge Discovery and Data Mining (KDD-06)",
 year="2006",
}

@INPROCEEDINGS{Kononenko1994,
 author="Kononenko I.",
 title="Estimating attributes: Analysis and extension of RELIEF",
 booktitle="Proc. of the European Conference on Machine Learning", 
 pages="171-182",
 publisher="Berlin: Springer-Veralg",
 year="1994",
}

@INPROCEEDINGS{YuLiu2003,
 author="Yu L. and Liu H.",
 title="Feature Selection for High-Dimensional Data: A Fast Correlation-Based Filter Solution", 
 booktitle="Proc. of the 12th Int. Conf. on Machine Learning (ICML-03), Washington, D.C.",
 pages="856-863",
 year="2003",
}

@book{Bishop95,
  author="Bishop C.M.",
  title="Neural Networks for Pattern Recognition",
  publisher="Oxford University Press",
  year="1995",
}

@article{Su2003,
  author="Su Y. and Murali T.M. and Pavlovic V. and Schaffer M. and Kasif S.",
  title="RankGene: identification of diagnostic genes based on expression data",
  journal="Bioinformatics",
  volume="19", 
  pages="1578--1579",
  year="2003",
}

@book{Press1988,
  author="William H. Press and Saul A. Teukolsky and William T. Vetterling and Brian P. Flannery Brian", 
  title="Numerical recipes in C, The art of scientific computing", 
  publisher="Cambridge, University Press, Cambridge, UK", 
  year="1988",
}

@article{Vilmansen1973,
  author="T.R. Vilmansen ",
  title="Feature Evaluation with Measures of Probabilistic Dependence", 
  journal="IEEE Transaction on Computers", 
  volume="22",
  number="4", 
  pages="381-388",
  year="1973",
  month="April",
}

@article{Golub1999,
  author="T.R. Golub and D.K. Slonim and P. Tamayo and C. Huard and M.  Gaasenbeek and J.P. Mesirov and H. Coller and M.L. Loh and J.R. Downing and M.A. Caligiuri and C.D. Bloomfield and E.S. Lander", 
  title="Molecular classification of cancer: class discovery and class prediction by gene expression monitoring", 
  journal="Science",
  volume="286",
  pages="531-537",
  year="1999",
}

@INPROCEEDINGS{Duch2004a,
  author="W. Duch and T. Wieczorek and J. Biesiada and M. Blachnik ",
  title="Comparison of feature ranking methods based on information entropy",
  booktitle="Proc. of Int. Joint Conf. on Neural Networks", 
  publisher="IEEE Press", 
  pages="1415-1420", 
  year="2004",
}

@article{Battiti1994,
   author="Roberto Battiti",
   title="Using mutual information for selecting features in supervised neural net learning",
   journal="IEEE Trans. Neural Networks",
   volume="5", 
   number="4",
   month="July", 
   year="1994",
}

@article{Kwak2002,
 author="Nojun Kwak and Chong-Ho Choi", 
 title="Input feature selection for classification problems", 
 journal="Neural Networks, IEEE Transactions on", 
 volume="13",
 number="1", 
 pages="143-159", 
 month="Jan",
 year="2002",
}

@INPROCEEDINGS{Tesmer2004,
  author="M. Tesmer and P.A. Este'vez", 
  title="{AMIFS: Adaptive Feature Selection by Using Mutual Information}", 
  booktitle="Proc. of Int. Joint Conf. on Neural Networks, Budapeszt",
  publisher="IEEE Press",
  pages="1415-1420",
  year="2004",
}

@article{Peng2005a,
  author="Chris Ding and Hanchuan Peng", 
  title="Minimum redundancy feature selection from microarray gene expression data", 
  journal="Journal of Bioinformatics and Computational Biology", 
  volume="3",
  number="2",
  pages="185-205",
  month="June",
  year="2005",
}

@article{Peng2005,
        title="Feature selection based on mutual information: criteria of max-dependency, max-relevance, and min-redundancy.",
        author="Hanchuan Peng and Fuhui Long and Chris Ding",
        journal="IEEE Transactions on Pattern Analysis and Machine Intelligence",
        Volume="27",
        Number="8",
        pages="1226-1238",
        year="2005",
}


@article{HuanLiu2004,
  author="Li Yu and Huan Liu",
  title="Efficient Feature Selection via Analysis of Relevance and Redundancy", 
  journal="Journal of Machine Learning Research, JMLR 5",
  month="Oct",
  pages="1205--1224", 
  year="2004",
}

@Article{Zhao2007,
  author = "Zhao Z. and Liu H.",
  title = "Searching for Interacting Features",
  journal ="Proc. of Int. Joint Conf. on Artificial Intelligence (IJCAI)",
  volume ="1",
  number ="1",
  month ="January",
  year = "2007",
  pages ="1156-1161",
}

@article{HuanLiu2005,
  author="Huan Liu and Li Yu",
  title="Toward Integrating Feature Selection Algorithms for Classification and Clustering", 
  journal="IEEE Trans. on Knowledge and Data Engineering", 
  volume="17",
  number="4", 
  pages="491-502",
  year="2005",
}

@article{HuanLiu2002,
  author="Liu H. and Hussain F. and Tan C.L, and Dash M.", 
  title="Discretization: An Enabling Technique", 
  journal="Journal of Data Mining and Knowledge Discovery",
  volume="6",
  number="4",
  pages="393-423",
  year="2002",
}

@INCOLLECTION{Biesiada2005,
  author = {W. Duch and J. Biesiada},
  title = {Feature Selection for High-Dimensional Data: A Kolmogorov-Smirnov Correlation-Based Filter Solution},
  booktitle = {Advances in Soft Computing},
  publisher = {Springer},
  year = {2005},
  pages = {95--104}
}

@INCOLLECTION{Blachnik2009,
 author="M. Blachnik and W. Duch and A. Kachel and J. Biesiada",
 title="{Feature Selection for Supervised Classification: A Kolmogorov-Smirnov Class Correlation-Based Filter}",
 booktitle="AIMeth, Symposium On Methods Of Artificial Intelligence", 
 month="10-19 November",
 publisher="Gliwice, Poland",
 year="2009",
}

@incollection{Biesiada2007,
 author="Jacek Biesiada and W. Duch", 
 title="{A Kolmogorov-Smirnov correlation-based filter solution for microarray gene expressions data}",
 publisher="Springer",
 booktitle="14th Int. Conference on Neural Information Processing (ICONIP07), LNCS", 
 volume="4985", 
 pages="285-294", 
 year="2008",
}

@INCOLLECTION{Biesiada2008,
 author="J. Biesiada and W. Duch ", 
 title="{Feature Selection for High-Dimensional Data: A Pearson Redundancy Based Filter}",
 booktitle="Advances in Soft Computing",
 publisher="Springer",
 volume="45", 
 pages="242-249", 
 year="2008",
} 

@INPROCEEDINGS{Koller1996,
  author="D. Koller and M. Sahami ", 
  title="Toward Optimal Feature Selection",
  booktitle="ICML-96: Proc. of the 13th Int. Conf. on Machine Learning", 
  pages="284-292", 
  publisher="San Francisco, Morgan Kaufmann", 
  year="1996",
}

@INPROCEEDINGS{Xing2001,
  author="E.P. Xing and M.I. Jordan and R.M. Karp ", 
  title="Feature selection for high-dimensional genomic microarray data",
  booktitle="Proc. of the 8th Int. Conf. on Machine Learning (ICML2001)", 
  year="2001",
}

@INPROCEEDINGS{Mantaras1994,
  author="J. Lorenzo and M. Hermandez and J. Mendez", 
  title="{GD: A Measure based on Information Theory for Attribute Selection}", 
  booktitle="Proc. Int. Conf. IBERAMIA, LNAI",
  publisher="Springer",
  volume="1484",
  year="1998",
}

@article{Shridhar1998,
  author="D.V. Sridhar and E.B. Barlett and R.C Seagrave ", 
  title="Informatic theoretic susbset selection for neural networks models", 
  journal="Computers Chem. Engng.", 
  volume="22",
  number="4/5",
  pages="613-626", 
  year="1998",
}

@book{Fisher1936,
 author="Fisher R.A.",
 title="The use of multiple measurements in taxonomic problems, Part II",
 journal="Annual Eugenics", 
 pages="179-188",
 year="1936", 
}

@book{Fishet1950a,
 author="Fisher R.A.",
 title="Contributions to Mathematical Statistics",
 publisher="John Wiley NY", 
 year="1950",
}

@INPROCEEDINGS{John1994,
 author="John G., Kohavi R. and Pfleger K.", 
 title="Irrelevant features and the subset selection problem", 
 booktitle="Machine Learning: Proc. of the Eleventh International Conf.", 
 year="1994", 
 publisher="Morgan Kaufmann",
}

@TECHREPORT{Thrun1991,
 author="Thrun S.B. at al.", 
 title="The MONK's Problems - A Performance Comparison of Different Learning algorithms", 
 booktitle="Technical Report CS-CMU-91-197", 
 institution="Carnegie Mellon University",
 month="Dec",
 year="1991",
}

@book{Breiman1984,
 author="Breiman L. and Friedman J.H. and Olshen R.A. and Stone C.J.", 
 title="Classification and Regression Trees",
 publisher="Wadsworth International, Group: Belmont, California,  (see pages 43-49)",
 year="1984",
}

@book{Quninlan1993,
 author="Quinlan J.R.",
 title="C4.5: Programs for Machine Learning",
 publisher="Morgan Kaufman, San Mateo, CA",
 year="1993",
}

@article{Alon1999,
 author="Alon U. at al.", 
 title="Broad Patterns of Gene Expression Revealed by Clustering Analysis of Tumor and Normal Colon Tissues Probed by Oligonucleotide Arrays", 
 journal="PNAS", 
 volume="96", 
 pages="6745-6750", 
 year="1999",
}

@article{Alizadeh2000,
 author="Alizadeh A.A. at al.", 
 title="Distinct types of diffuse large B-cell lymphoma identified by gene expression profiling", 
 journal="Nature", 
 volume="403", 
 pages="503-511", 
 year="2000",
}

@article{PudilSomol2002,
  author = {Pudil P. and Novovicova J. and Somol P.},
  title = {Feature selection toolbox software package},
  journal = {Pattern Recogn. Lett.},
  volume = {23},
  number = {4},
  year = {2002},
  pages = {487--492},
  publisher = {Elsevier Science Inc.},
  address = {New York, NY, USA},
}

@article{Sacco1972,
  author="William J. Sacco and Wayne S. Copes",
  title="Reduction of the class of feature evaluation techniques in pattern analysis",
  journal=" Pattern Recognition",
  volume="4",
  year="1972",
  pages="331-332",
  number="4",
  month="October",
}

@book{Evans_2000,
    author="M. Evans and N. Hastings and B. Peacock",
    title="Statistical Distributions", 
    publisher="John Wiley \& Sons, New York", 
    year="2000",
}

@book{Cover1991,
    author="T. M. Cover and J. A. Thomas", 
    title="Elements of Information Theory", 
    publisher="John Wiley \& Sons, New York", 
    year="1991",
}

@article{Mantaras1991,
  author="R. Lopez de Mantaras",
  title="A distance-based attribute selection measure for decision tree induction",
  journal="Machine Learning",
  volume="6",
  pages="81-92", 
  year="1991",
}


